% Encoding: UTF-8

% Publishers % ================================================= |

 @String{Academic = "Academic Press" }
 @String{ACMMathSoft = "{ACM} Transactions on Mathematical Software" }
 @String{ACMPress = "{ACM} Press" }
 @String{AdamHilger = "Adam Hilger" }
 @String{AddisonWesley = "Addison-Wesley" }
 @String{AllynBacon = "Allyn and Bacon" }
 @String{AmerMathMonthly = "American Mathematical Monthly" }

 @String{AmerSocio = "American Journal of Sociology" }
 @String{AmerStatAssoc = "Journal of the American Statistical Association" }
 @String{AMS = "American Mathematical Society" }
%%% ====================================================================
%%%  BibTeX-file{
%%%     author          = "Gerry Murray",
%%%     version         = "1.2",
%%%     date            = "2 April 2012",
%%%     filename        = "acmsmall-sample-bibfile.bib",
%%%     address         = "ACM, NY",
%%%     email           = "murray at hq.acm.org",
%%%     codetable       = "ISO/ASCII",
%%%     keywords        = "ACM Reference Format, bibliography, citation, references",
%%%     supported       = "yes",
%%%     docstring       = "This BibTeX database file contains 'bibdata' entries
%%%                        that 'match' the examples provided in the Specifications Document
%%%                        AND, also, 'legacy'-type bibs. It should assist authors in
%%%                        choosing the 'correct' at-bibtype and necessary bib-fields
%%%                        so as to obtain the appropriate ACM Reference Format output.
%%%			   It also contains many 'Standard Abbreviations'. "
%%%  }
%%% ====================================================================

% Journals

% First the Full Name is given, then the abbreviation used in the AMS Math
% Reviews, with an indication if it could not be found there.
% Note the 2nd overwrites the 1st, so swap them if you want the full name.

 %{AMS}
 @String{AMSTrans = "American Mathematical Society Translations" }
 @String{ApplMathComp = "Applied Mathematics and Computation" }
 @String{Birkhauser = "Birkha{\"u}ser" }
 @String{BIT = "{BIT}" }
 @String{BritStatPsych = "British Journal of Mathematical and Statistical
          Psychology" }
 @String{BullAMS = "Bulletin of the American Mathematical Society" }

 %ACM
 @String{CACM = "Communications of the {ACM}" }
 @String{CambridgePress = "Cambridge University Press" }
 @String{CanMathBull = "Canadian Mathematical Bulletin" }
 @String{Chelsea = "Chelsea" }
 @String{ClaredonPress = "Claredon Press" }
 @String{CompApplMath = "Journal of Computational and Applied Mathematics" }
 @String{CompJour = "The Computer Journal" }
 @String{CompPhys = "Journal of Computational Physics" }
 @String{CompServ = "Comput. Surveys" }
 @String{CompStruct = "Computers and Structures" }
 @String{CompSysSci = "Journal of Computer and System Sciences" }
% didn't find in AMS MR., ibid.

 %IEEE
 @String{Computer = "{IEEE} Computer" }
 @String{Computing = "Computing" }
 @String{ContempMath = "Contemporary Mathematics" }
 @String{Crelle = "Crelle's Journal" }
 @String{DoverPub = "Dover Publications" }
 @String{Eyolles = "Eyolles" }
 @String{GiornaleMath = "Giornale di Mathematiche" }
 @String{HoltRinehartWinston = "Holt, Rinehart and Winston" }
 @String{IEEESpec = "{IEEE} Spectrum" }  @String{IEEETransAC = "{IEEE} Transactions on Automatic Control" }
% didn't find in AMS MR
 @String{IEEETransAeroElec = "{IEEE} Transactions on Aerospace and Electronic
     Systems" }
 @String{IEEETransComp = "{IEEE} Transactions on Computers" }

 @String{IMANumerAna = "{IMA} Journal of Numerical Analysis" }
 @String{InfProcLet = "Information Processing Letters" }
 @String{InstMathApp = "Journal of the Institute of Mathematics and
     its Applications" }
 @String{IntControl = "International Journal of Control" }
 @String{Interscience = "Interscience" }
 @String{IntNumerEng = "International Journal for Numerical Methods in
     Engineering" }
 @String{IntSuper = "International Journal of Supercomputing Applications" }
 @String{JACM = "J. ACM" }
 @String{JohnsHopkinsPress = "The Johns Hopkins University Press" }
 @String{JohnWileySons = "John Wiley and Sons" }
 @String{JResNatBurStand = "Journal of Research of the National Bureau
     of Standards" }

 %SIAM
 @String{JSIAM = "Journal of the Society for Industrial and Applied
     Mathematics" }
 @String{JSIAMB = "Journal of the Society for Industrial and Applied
     Mathematics, Series B, Numerical Analysis" }
% didn't find
%% in AMS MR
 @String{Kibernetika = "Kibernetika" }
 @String{LinAlgApp = "Linear Algebra and its Applications" }
 @String{Macmillan = "Macmillan" }
 @String{MathAnaAppl = "Journal of Mathematical Analysis and Applications" }
 @String{MathAnnalen = "Mathematische Annalen" }
 @String{MathComp = "Mathematics of Computation" }
 @String{MathPhys = "Journal of Mathematical Physics" }
 @String{MathScand = "Mathematica Scandinavica" }
 @String{MathWorks = "The Math Works Inc." }
 @String{McGrawHill = "McGraw-Hill" }
 @String{NatBurStd = "National Bureau of Standards" }
 @String{NorthHolland = "North-Holland" }
 @String{NumerMath = "Numerische Mathematik" }
 @String{OxfordPress = "Oxford University Press" }   @String{PacificMath = "Pacific Journal of Mathematics" }
% didn't find
%% in AMS MR
 @String{ParComputing = "Parallel Computing" }
 @String{ParDistComp = "Journal of Parallel and Distributed Computing" }
%address Oxford or London?
 @String{PergamonPress = "Pergamon Press" }
 @String{PhilMag = "Philosophical Magazine" }
 @String{PlenumPress = "Plenum Press" }
 @String{PrenticeHall = "Prentice-Hall" }
 @String{ProcAMS = "Proceedings of the American Mathematical Society" }
% didn't find in AMS MR
 @String{ProcIEEE = "Proceedings of the {IEEE}" }
 @String{ProcNAS = "Proceedings of the National Academy of Sciences
                    of the USA" }
 @String{Psychometrika = "Psychometrika" }
 @String{QuartApplMath = "Quarterly of Applied Mathematics" }
 @String{QuartMath = "Quarterly Journal of Mathematics, Oxford, Series (2)" }
 @String{RevueInstStat = "Review of the International Statisical Institute" }
 @String{SIAMAlgMeth = "{SIAM} Journal on Algebraic and Discrete Methods" }
 @String{SIAMAppMath = "{SIAM} Journal on Applied Mathematics" }
 @String{SIAMComp = "{SIAM} Journal on Computing" }
 @String{SIAMMatrix = "{SIAM} Journal on Matrix Analysis and Applications" }
 @String{SIAMNumAnal = "{SIAM} Journal on Numerical Analysis" }
 @String{SIAMPub = "{SIAM} Publications" }
 @String{SIAMReview = "{SIAM} Review" }
 @String{SIAMSciStat = "{SIAM} Journal on Scientific and Statistical
     Computing" }
 @String{SIGNUM = "{ACM} {SIGNUM} Newsletter" }

 @String{SoftPracExp = "Software Practice and Experience" }
 @String{Springer = "Springer-Verlag" }
% didn't find in AMS MR
 @String{StatScience = "Statistical Science" }
 @String{TablesAidsComp = "Mathematical Tables and Other Aids to Computation" }
 @String{Techno = "Technometrics" }
 @String{TexasPress = "University of Texas Press" }
 @String{TransAMS = "Transactions of the American Mathematical Society" }
 @String{USSRCompMathPhys = "{USSR} Computational Mathematics and Mathematical
     Physics" }
 @String{VanNostrand = "Van Nostrand" }
 @String{VLSICompSys = "Journal of {VLSI} and Computer Systems" }
 @String{WHFreeman = "W. H. Freeman and Co." }
 @String{ZAngewMathMech = "Zeitschrift fur Angewandte Mathematik und
     Mechanik" }
 @String{ZAngewMathPhys = "Zeitschrift fur Angewandte Mathematik und Physik" }

% Example Entries
% Publishers % ================================================= |
@Article{Abril07,
  author 	= "Patricia S. Abril and Robert Plant",
  title 	= "The patent holder's dilemma: Buy, sell, or troll?",
  journal 	= "Communications of the ACM",
  volume 	= "50",
  number 	= "1",
  month 	= jan,
  year 		= "2007",
  pages 	= "36--44",
  doi 		= "10.1145/1188913.1188915",
  url		= "http://doi.acm.org/10.1145/1219092.1219093",
  note		= "",
}

<<<<<<< HEAD
=======
@incollection{bonomi2014fog,
  title={Fog computing: A platform for internet of things and analytics},
  author={Bonomi, Flavio and Milito, Rodolfo and Natarajan, Preethi and Zhu, Jiang},
  booktitle={Big data and internet of things: A roadmap for smart environments},
  pages={169--186},
  year={2014},

}

@inproceedings{aziz2014formal,
  title={A formal model and analysis of the {MQ Telemetry Transport protocol}},
  author={Aziz, Benjamin},
  booktitle={Proceedings of the 9th International Conference on Availability, Reliability and Security},
  pages={59--68},
  year={2014},

}

@inproceedings{tensorflow16,
  title={{TensorFlow}: A System for Large-Scale Machine Learning},
  author={Abadi, Mart{\'\i}n and Barham, Paul and Chen, Jianmin and Chen, Zhifeng and Davis, Andy and Dean, Jeffrey and Devin, Matthieu and Ghemawat, Sanjay and Irving, Geoffrey and Isard, Michael and others},
  booktitle={Proceedings of the 12th USENIX Symposium on Operating Systems Design and Implementation},
  pages={265--283},
  year={2016},

}

@misc{Caffe217,
  author =       " Aaron Markham and Yangqing Jia",
  year =         "2017",
  title =        "Caffe2: Portable High-Performance Deep Learning Framework from {Facebook}",
  lastaccessed = "April 19, 2017 ",
  url =           "https://devblogs.nvidia.com/caffe2-deep-learning-framework-facebook/",

}


@misc{mqttbenchmark15,
  author =       "{Scalagent Distributed Technologies}",
  year =         "2015",
  title =        "{Benchmark of MQTT servers}",
  url =           "http://www.scalagent.com/IMG/pdf/Benchmark_MQTT_servers-v1-1.pdf",
  lastaccessed = "January 2015",

}

@article{HungTWS15,
  author    = {Shih{-}Hao Hung and
               Tien{-}Tzong Tzeng and
               Gyun{-}De Wu and
               Jeng{-}Peng Shieh},
  title     = {{A code offloading scheme for big-data processing in Android applications}},
  journal   = {Software: Practice and Experience, {Wiley Online Library}},
  volume    = {45},
  number    = {8},
  pages     = {1087--1101},
  year      = {2015},
  url       = {https://doi.org/10.1002/spe.2265},
  doi       = {10.1002/spe.2265},
  biburl    = {https://dblp.org/rec/bib/journals/spe/HungTWS15},
  bibsource = {dblp computer science bibliography, https://dblp.org},

}

@inproceedings{Tseng15,
  title     = {{Migratom.js: A Javascript migration framework for distributed web computing and mobile devices}},
  author    = {Tai{-}Lun Tseng and
               Shih{-}Hao Hung and
               Chia{-}Heng Tu},
  booktitle = {Proceedings of the 30th Annual {ACM} Symposium on Applied Computing},
  pages     = {798--801},
  year      = {2015},

}

@misc{krizhevsky2014cifar,
  title={The {CIFAR-10} dataset},
  author={Krizhevsky, Alex and Nair, Vinod and Hinton, Geoffrey},
  url={http://www.cs.toronto.edu/kriz/cifar.html},
  year={2014},
}

@article{Hung14,
  author    = {Shih{-}Hao Hung and
               Tien{-}Tzong Tzeng and
               Jyun{-}De Wu and
               Min{-}Yu Tsai and
               Yi{-}Chih Lu and
               Jeng{-}Peng Shieh and
               Chia{-}Heng Tu and
               Wen{-}Jen Ho},
  title     = {{MobileFBP}: Designing portable reconfigurable applications for heterogeneous systems},
  journal   = {Journal of Systems Architecture - Embedded Systems Design, {Elsevier North-Holland}},
  volume    = {60},
  number    = {1},
  pages     = {40--51},
  year      = {2014},
  url       = {https://doi.org/10.1016/j.sysarc.2013.11.009},
  doi       = {10.1016/j.sysarc.2013.11.009},
  biburl    = {https://dblp.org/rec/bib/journals/jsa/HungTWTLSTH14},
  bibsource = {dblp computer science bibliography, https://dblp.org},

}

@inproceedings{McDanel17,
  title={Embedded binarized neural networks},
  author={McDanel, Bradley and Teerapittayanon, Surat and Kung, Hsiang-Tsung},
  booktitle={Proceedings of the International Conference on Embedded Wireless Systems and Networks},
  pages= {168--173},
  year={2017},
}

@inproceedings{Teerapittayanon17,

  title     = {Distributed Deep Neural Networks Over the Cloud, the Edge and End Devices},
  author    = {Surat Teerapittayanon and
               Bradley McDanel and
               Hsiang-Tsung Kung},
  booktitle = {Proceedings of the 37th {IEEE} International Conference on Distributed Computing Systems},
  pages     = {328--339},
  year      = {2017},

}

@misc{Chainer17,
  author =       "Seiya Tokui",
  year =         "2017",
  title =        "{Introduction to Chainer}: A flexible framework for deep learning",
  url =           "https://chainer.org/",
  lastaccessed = "July 18, 2017",

}

@article{akiba2017chainermn,
  title={ChainerMN: Scalable distributed deep learning framework},
  author={Akiba, Takuya and Fukuda, Keisuke and Suzuki, Shuji},
  journal={arXiv preprint arXiv:1710.11351},
  url = {http://arxiv.org/abs/1710.11351},
  year={2017},
}

@Inproceedings{Silla14,
  title={{rCUDA: Virtualizing GPUs to reduce cost and improve performance}},
  author={Federico, Silla},
  booktitle={Proceedings of the STAC Summit},
  pages={1--43},
  year={2014},


}


@article{Tu14,
 author = {Chia{-}Heng Tu and Hui{-}Hsin Hsu and Jen{-}Hao Chen and Chun{-}Han Chen and Shih{-}Hao Hung},
 title = {{Performance and power profiling for emulated Android Systems}},
 journal = {ACM Transactions on Design Automation of Electronic Systems, {ACM} },
  volume={19},
  number={2},
  pages={10},
  year={2014},

}


@article{fernando2013mobile,
  title={Mobile cloud computing: A survey},
  author={Fernando, Niroshinie and Loke, Seng W and Rahayu, Wenny},
  journal={Future Generation Computer Systems, Elsevier},
  volume={29},
  number={1},
  pages={84--106},
  year={2013},

}

@article{Ciregan2012,
  title={Multi-column deep neural networks for image classification},
  author={Ciregan, Dan and Meier, Ueli and Schmidhuber, J{\"u}rgen},
  booktitle={Proceedings of the IEEE conference on Computer Vision and Pattern Recognition},
  pages={3642--3649},
  year={2012}

}



@periodical{JCohen96,
  key = 	 "Cohen",
  editor =       "Jacques Cohen",
  title =        "Special issue: Digital Libraries",
  journal =      CACM,
  volume =       "39",
  number = 	 "11",
  month =	 nov,
  year = 	 "1996",
}


@Book{Kosiur01,
  author =       "David Kosiur",
  title =        "Understanding Policy-Based Networking",
  publisher =    "Wiley",
  year =         "2001",
  address =      "New York, NY",
  edition =      "2nd.",
  editor = 	 "",
  volume = 	 "",
  number = 	 "",
  series = 	 "",
  month = 	 "",
  note = 	 "",
}


@Inbook{Editor00,
  author = 	 "",
  editor =       "Ian Editor",
  title =        "The title of book one",
  subtitle =     "The book subtitle",
  series =       "The name of the series one",
  year =         "2007",
  volume = 	 "9",
  address =      "Chicago",
  edition =      "1st.",
  publisher =    "University of Chicago Press",
  doi = 	 "10.1007/3-540-09237-4",
  url = 	 "http://dx.doi.org/10.1007/3-540-09456-9",
  chapter = 	 "",
  pages = 	 "",
  number = 	 "",
  type = 	 "",
  month = 	 "",
  note = 	 "",
}


% incollection (has an editor, title, and possibly a booktitle)
@Incollection{Spector90,
  author =       "Asad Z. Spector",
  title =        "Achieving application requirements",
  booktitle =    "Distributed Systems",
  publisher =    "ACM Press",
  address =      "New York, NY",
  year =         "1990",
  edition =      "2nd.",
  chapter =      "",
  editor = 	 "Sape Mullender",
  pages =        "19--33",
  doi = 	 "10.1145/90417.90738",
  url = 	 "http://doi.acm.org/10.1145/90417.90738",
  volume =	 "",
  number = 	 "",
  series =	 "",
  type = 	 "",
  month = 	 "",
  note = 	 "",
}


@Inproceedings{Smith10,
  author =       "Stan W. Smith",
  title =        "An experiment in bibliographic mark-up: Parsing metadata for XML export",
  booktitle =    "Proceedings of the 3rd. annual workshop on Librarians and Computers",
  series = 	 "LAC '10",
  editor = 	 "Reginald N. Smythe and Alexander Noble",
  volume = 	  "3",
  year =         "2010",
  publisher =    "Paparazzi Press",
  address = 	 "Milan Italy",
  pages =        "422--431",
  doi = 	 "99.9999/woot07-S422",
  url = 	 "http://dx.doi.org/99.0000/woot07-S422",
  number =	 "",
  month = 	 "",
  organization = "",
  note = 	 "",
}

@Techreport{Harel78,
  author =       "David Harel",
  year =         "1978",
  title =        "LOGICS of Programs: AXIOMATICS and DESCRIPTIVE POWER",
  institution =  "Massachusetts Institute of Technology",
  type =         "MIT Research Lab Technical Report",
  number =       "TR-200",
  address =      "Cambridge, MA",
  month = 	 "",
  note = 	 "",
}

@MASTERSTHESIS{anisi03,
author = {David A. Anisi},
title = {Optimal Motion Control of a Ground Vehicle},
school = {Royal Institute of Technology (KTH), Stockholm, Sweden},
intitution = {FOI-R-0961-SE, Swedish Defence Research Agency (FOI)},
year = {2003},
}


@Phdthesis{Clarkson85,
  author =       "Kenneth L. Clarkson",
  year =         "1985",
  title =        "Algorithms for Closest-Point Problems (Computational Geometry)",
  school =       "Stanford University",
  address =      "Palo Alto, CA",
  note =         "UMI Order Number: AAT 8506171",
  type = 	 "",
  month = 	 "",
}


@online{Thornburg01,
  author =       "Harry Thornburg",
  year =         "2001",
  title =        "Introduction to Bayesian Statistics",
  url =           "http://ccrma.stanford.edu/~jos/bayes/bayes.html",
  month = 	 mar,
  lastaccessed = "March 2, 2005",
}

@misc{Poker06,
  author =       "Poker-Edge.Com",
  year =         "2006",
  month 	= mar,
  title =        "Stats and Analysis",
  lastaccessed = "June 7, 2006",
  url =          "http://www.poker-edge.com/stats.php",
}

%%% Notes! This is because the atsign-INBOOK citation type specifies EITHER
%%% editor or author, but not both. In my experiments with the harvard/dcu
%%% bibtex style (and presumably this applies to other styles too), bibtex
%%% ignores the editor information if author information exists in an
%%% atsign-INBOOK entry. atsign-INCOLLECTION is far more commonly used in my references,
%%% and in the absence of an editor I believe most bibtex styles will just
%%% ommit the editor from the reference - the chapter information will not
%%% end up in the in-text citation as you suggest it should be but at least
%%% there is a place to put the editor if necessary.


% was 'Inbook' -- changed to incollection - (editor is different to author) - need to tell Asad to codify as such.
@incollection{Kong:2002:IEC:887006.887010,
  author = 	{Kong, Wei-Chang},
  editor =	{Theerasak Thanasankit},
  title =	{Chapter 9},
  booktitle =	{E-commerce and cultural values (Incoll-w-text (chap 9) 'title')},
  year =	{2002},
  address =	{Hershey, PA, USA},
  publisher =	{IGI Publishing},
  url =		{http://portal.acm.org/citation.cfm?id=887006.887010},
  pages =	{51--74},
  numpages =	{24},
  acmid =	{887010},
  isbn =	{1-59140-056-2},
  number = 	 "",
  type = 	 "",
  month = 	 "",
  note = 	 "",
}

@Manual{Amsthm15,
  title = 	 {Using the amsthm Package},
  organization = {American Mathematical Society},
  month =	 {April},
  year =	 2015,
  note =	 {\url{http://www.ctan.org/pkg/amsthm}}
}


@Comment{jabref-meta: databaseType:biblatex;}

%%%%%%%%%%%%%%%%%%%%%%%%%%%%%%%%%%%%%%%%%%%%%%%%%%%%%%%%%%%%%%%%%%%%%%%%%%    %lastaccessed = {Aug. 31, 2017}
@Misc{OpenCL,
	author = {{The Khronos Group Inc.}},
	title = {{O}penCL: The open standard for parallel programming of heterogeneous systems},
	url  = {http://www.khronos.org/opencl/},
    year = {2017},
    month 	= {Aug},
}
@Misc{AlteraOpenCL,
	author = {{A}ltera},
	title = {{OpenCL}},
	howpublished  = {\url{https://www.altera.com/en_US/pdfs/literature/wp/wp-01173-opencl.pdf}},
}
@Misc{AMDOPENCL,
	author = {{A}MD},
	title = {{OpenCL}},
	howpublished  = {\url{http://developer.amd.com/tools-and-sdks/opencl-zone/amd-accelerated-parallel-processing-app-sdk/opencl-optimization-guide/}},
}
@Misc{NVIDIAOPENCL,
	author = {{N}vidia},
	title = {{OpenCL}},
	howpublished  = {\url{http://www.nvidia.com/content/cudazone/CUDABrowser/downloads/papers/NVIDIA_OpenCL_BestPracticesGuide.pdf}},
}
@Misc{INTELOPENCL,
	author = {{I}ntel},
	title = {{OpenCL}},
	howpublished  = {\url{https://software.intel.com/sites/default/files/m/d/4/1/d/8/Writing_Optimal_OpenCL_28tm_29_Code_with_Intel_28R_29_OpenCL_SDK.pdf}},
}

@INPROCEEDINGS{LSTMFPGA2017,
author={Xiaofan Zhang and Anand Ramachandran and Chuanhao Zhuge and Di He and Wei Zuo and Zuofu Cheng and Kyle Rupnow and Deming Chen},
booktitle={Proceedings of the 2017 IEEE/ACM International Conference on Computer-Aided Design},
title={Machine learning on FPGAs to face the IoT revolution},
year={2017},
volume={},
number={},
pages={819-826},
keywords={Internet of Things;face recognition;feedforward neural nets;learning (artificial intelligence);neural net architecture;recurrent neural nets;resource allocation;video signal processing;DNN layers;DNN reduction;Deep Neural Networks;FPGAs;FaceNet face recognition;IoT revolution;Long-term Recurrent Convolution Network;configurable DNN IPs;design space exploration ability;effective design flow;energy efficiency;high-level synthesis;machine learning;productivity;resource allocation;resource constraints;resource modeling;Computational complexity;Convolution;Field programmable gate arrays;IP networks;Kernel;Optimization;Sensors;FPGAs;Internet of Things;Machine Learning},
doi={10.1109/ICCAD.2017.8203862},
ISSN={},
month={Nov}
}

@inproceedings{DDNNRTCSA2018,
  title={An adaptive computation framework of distributed deep learning models for Internet-of-Things applications},
  author={Mu-Hsuan Cheng and QiHui Sun and Chia-Heng Tu},
  booktitle={Proceedings of the 24th IEEE International Conference on Embedded and Real-Time Computing Systems and Applications (to be appeared)},
  year={2018},

}

@ARTICLE{Fekade2017,
author={B. Fekade and T. Maksymyuk and M. Kyryk and M. Jo},
journal={IEEE Internet of Things Journal},
title={Probabilistic Recovery of Incomplete Sensed Data in IoT},
year={2017},
volume={},
number={},
pages={1-1},
keywords={Clustering algorithms;Internet of Things;Probabilistic logic;Sensor systems;Support vector machines;Wireless sensor networks;Internet of Things (IoT);massive sensed data.;probabilistic matrix factorization;recovery of missing sensor data},
doi={10.1109/JIOT.2017.2730360},
ISSN={},
month={},}


@INPROCEEDINGS{Amroun2017,
author={H. Amroun and M. H. Temkit and M. Ammi},
booktitle={2017 IEEE SmartWorld, Ubiquitous Intelligence Computing, Advanced Trusted Computed, Scalable Computing Communications, Cloud Big Data Computing, Internet of People and Smart City Innovation (SmartWorld/SCALCOM/UIC/ATC/CBDCom/IOP/SCI)},
title={DNN-based approach for identification of the level of attention of the TV-viewers using IoT network},
year={2017},
volume={},
number={},
pages={1-4},
keywords={Accelerometers;Classification algorithms;Legged locomotion;Sensors;Support vector machines;TV;Deep neural networks;Iot;automatic classification;state-attention identification;unconstrained environment [PATTERNRECOGNITION]},
doi={10.1109/UIC-ATC.2017.8397660},
ISSN={},
month={Aug},}

@article{tamaattack,
title={Attack Classification Analysis of IoT Network via Deep Learning Approach},
author={Tama, Bayu Adhi and Rhee, Kyung-Hyune}
}

@INPROCEEDINGS{Kalhara2017,
author={P. G. Kalhara and V. D. Jayasinghearachchd and A. H. A. T. Dias and V. C. Ratnayake and C. Jayawardena and N. Kuruwitaarachchi},
booktitle={2017 11th International Conference on Software, Knowledge, Information Management and Applications (SKIMA)},
title={TreeSpirit: Illegal logging detection and alerting system using audio identification over an IoT network},
year={2017},
volume={},
number={},
pages={1-7},
keywords={Internet of Things;forestry;vegetation mapping;wireless sensor networks;Illegal logging detection;IoT network;TreeSpirit;alerting system;audio identification;chainsaw noise identification;effective monitoring;forest covered areas;forest monitoring;initial steps;neural network;three-tier architecture;wireless sensor network;Base stations;Computer architecture;Hardware;Monitoring;Neural networks;Spectrogram;Wireless sensor networks;audio identification;chainsaw;deforestation;forest monitoring;illegal logging;neural network;wireless sensor network},
doi={10.1109/SKIMA.2017.8294127},
ISSN={},
month={Dec},}

@article{xiao2018iot,
title={IoT Security Techniques Based on Machine Learning},
author={Xiao, Liang and Wan, Xiaoyue and Lu, Xiaozhen and Zhang, Yanyong and Wu, Di},
journal={arXiv preprint arXiv:1801.06275},
year={2018}
}

@inproceedings{Shi2017,
author = {Shi, Cong and Liu, Jian and Liu, Hongbo and Chen, Yingying},
title = {Smart User Authentication Through Actuation of Daily Activities Leveraging WiFi-enabled IoT},
booktitle = {Proceedings of the 18th ACM International Symposium on Mobile Ad Hoc Networking and Computing},
series = {Mobihoc '17},
year = {2017},
isbn = {978-1-4503-4912-3},
location = {Chennai, India},
pages = {5:1–5:10},
articleno = {5},
numpages = {10},
url = {http://doi.acm.org/10.1145/3084041.3084061},
doi = {10.1145/3084041.3084061},
acmid = {3084061},
publisher = {ACM},
address = {New York, NY, USA},
}


@ARTICLE{Mohammadi2018,
author={M. Mohammadi and A. Al-Fuqaha and S. Sorour and M. Guizani},
journal={IEEE Communications Surveys Tutorials},
title={Deep Learning for IoT Big Data and Streaming Analytics: A Survey},
year={2018},
volume={},
number={},
pages={1-1},
keywords={Big Data;Data analysis;Data mining;Economics;Internet of Things;Machine learning;Tutorials;Cloud-based analytics.;Deep Learning;Deep Neural Network;Fast data analytics;Internet of Things;IoT Big Data;On-device Intelligence},
doi={10.1109/COMST.2018.2844341},
ISSN={},
month={},}

@article{raonovel,
title={A NOVEL AND EFFICIENT TECHNIQUE OF COMMUNICATION IN IOTS USING AUTOENCODERS},
author={RAO, SANGEETA and YADAV, SAURABH}
}

@article{hadidi2018musical,
title={Musical Chair: Efficient Real-Time Recognition Using Collaborative IoT Devices},
author={Hadidi, Ramyad and Cao, Jiashen and Woodward, Matthew and Ryoo, Michael and Kim, Hyesoon},
journal={arXiv preprint arXiv:1802.02138},
year={2018}
}

@article{kim2015compression,
title={Compression of deep convolutional neural networks for fast and low power mobile applications},
author={Kim, Yong-Deok and Park, Eunhyeok and Yoo, Sungjoo and Choi, Taelim and Yang, Lu and Shin, Dongjun},
journal={arXiv preprint arXiv:1511.06530},
year={2015}
}

@inproceedings{lei2013accurate,
title={Accurate and compact large vocabulary speech recognition on mobile devices.},
author={Lei, Xin and Senior, Andrew W and Gruenstein, Alexander and Sorensen, Jeffrey},
booktitle={Interspeech},
volume={1},
year={2013},
organization={Citeseer}
}

@article{Kang2017,
author = {Kang, Yiping and Hauswald, Johann and Gao, Cao and Rovinski, Austin and Mudge, Trevor and Mars, Jason and Tang, Lingjia},
title = {Neurosurgeon: Collaborative Intelligence Between the Cloud and Mobile Edge},
journal = {SIGARCH Comput. Archit. News},
issue_date = {March 2017},
volume = {45},
number = {1},
month = apr,
year = {2017},
issn = {0163-5964},
pages = {615–629},
numpages = {15},
url = {http://doi.acm.org/10.1145/3093337.3037698},
doi = {10.1145/3093337.3037698},
acmid = {3037698},
publisher = {ACM},
address = {New York, NY, USA},
keywords = {cloud computing, deep neural networks, intelligent applications, mobile computing},
}


@INPROCEEDINGS{Hauswald2014,
author={J. Hauswald and T. Manville and Q. Zheng and R. Dreslinski and C. Chakrabarti and T. Mudge},
booktitle={2014 IEEE International Conference on Acoustics, Speech and Signal Processing (ICASSP)},
title={A hybrid approach to offloading mobile image classification},
year={2014},
volume={},
number={},
pages={8375-8379},
keywords={feature extraction;image classification;image matching;mobile computing;GPU onboard;feature extraction;image matching;mobile devices;mobile environments;offloading mobile image classification;Accuracy;Feature extraction;Image coding;Mobile communication;Pipelines;Predictive models;Runtime;energy management;image classification;mobile computing;offloading},
doi={10.1109/ICASSP.2014.6855235},
ISSN={1520-6149},
month={May},}


@inproceedings{han2016mcdnn,
title={Mcdnn: An execution framework for deep neural networks on resource-constrained devices},
author={Han, Seungyeop and Shen, Haichen and Philipose, Matthai and Agarwal, Sharad and Wolman, Alec and Krishnamurthy, Arvind},
booktitle={Proceedings of the 14th Annual International Conference on Mobile Systems, Applications, and Services},
year={2016}
}

@article{iandola2016squeezenet,
title={Squeezenet: Alexnet-level accuracy with 50x fewer parameters and< 0.5 mb model size},
author={Iandola, Forrest N and Han, Song and Moskewicz, Matthew W and Ashraf, Khalid and Dally, William J and Keutzer, Kurt},
journal={arXiv preprint arXiv:1602.07360},
year={2016}
}

@misc{parvez2017embedded,
title={Embedded Vision Machine Learning on Embedded Devices for Image classification in Industrial Internet of things},
author={Parvez, Bilal},
year={2017}
}


@INPROCEEDINGS{Deguchi2018,
author={Y. Deguchi and K. Takeuchi},
booktitle={2018 IEEE International Memory Workshop (IMW)},
title={3D-NAND Flash Solid-State Drive (SSD) for Deep Neural Network Weight Storage of IoT Edge Devices with 700x Data-Retention Lifetime Extention},
year={2018},
volume={},
number={},
pages={1-4},
keywords={Decoding;Erbium;Error correction codes;Flash memories;Neural networks;Proposals;Reliability},
doi={10.1109/IMW.2018.8388776},
ISSN={},
month={May},}


@INPROCEEDINGS{Hong2017,
author={S. Hong and Y. Park},
booktitle={2017 International SoC Design Conference (ISOCC)},
title={A FPGA-based neural accelerator for small IoT devices},
year={2017},
volume={},
number={},
pages={294-295},
keywords={Internet of Things;feedforward neural nets;field programmable gate arrays;learning (artificial intelligence);CNN;DNN;FPGA-based neural accelerator;compact neural network accelerator;convolutional neural network;deep neural network;internet-of-things platforms;power 413.99 mW;small IoT devices;Biological neural networks;Field programmable gate arrays;Hardware design languages;Machine learning;Neurons;Power demand;Throughput;Accelerator;FPGA;Neural networks},
doi={10.1109/ISOCC.2017.8368903},
ISSN={},
month={Nov},}


@INPROCEEDINGS{Wang2016,
author={Y. Wang and Huawei Li and Xiaowei Li},
booktitle={2016 IEEE/ACM International Conference on Computer-Aided Design (ICCAD)},
title={Re-architecting the on-chip memory sub-system of machine-learning accelerator for embedded devices},
year={2016},
volume={},
number={},
pages={1-6},
keywords={convolution;learning (artificial intelligence);neural nets;CNN inference acceleration;CNNs;IoT;Memsqueezer buffer;active weight buffer set;built-in redundancy detection mechanism;cyberphysics applications;data buffer set;data compression;data redundancy;deep convolutional neural networks;embedded devices;in-house general-purpose deep learning accelerator;machine learning accelerator;mobile device;on-chip memory architecture;on-chip memory subsystem;on-chip storage;specialized compression methods;Bandwidth;Buffer storage;Hardware;Indexes;Machine learning;System-on-chip;Throughput},
doi={10.1145/2966986.2967068},
ISSN={},
month={Nov},}


@INPROCEEDINGS{Bang2017,
author={S. Bang and J. Wang and Z. Li and C. Gao and Y. Kim and Q. Dong and Y. P. Chen and L. Fick and X. Sun and R. Dreslinski and T. Mudge and H. S. Kim and D. Blaauw and D. Sylvester},
booktitle={2017 IEEE International Solid-State Circuits Conference (ISSCC)},
title={14.7 A 288 \#x00B5;W programmable deep-learning processor with 270KB on-chip weight storage using non-uniform memory hierarchy for mobile intelligence},
year={2017},
volume={},
number={},
pages={250-251},
keywords={DRAM chips;Internet of Things;cloud computing;learning (artificial intelligence);low-power electronics;microprocessor chips;mobile computing;neural nets;DNN;DRAM;Internet of Things;deep learning;deep neural networks;edge devices;hierarchical intelligence;mobile IoT;mobile applications;mobile intelligence;nonuniform memory hierarchy;object detection;on-chip weight storage;power 288 muW;power consumption;power efficiency;programmable deep-learning processor;radio bandwidth;reconfigurable processors;speech recognition;Machine learning;Memory management;Neurons;Program processors;Random access memory;System-on-chip},
doi={10.1109/ISSCC.2017.7870355},
ISSN={},
month={Feb},}


@article{quan2018novel,
  title={A Novel Two-Layered Reinforcement Learning for Task Offloading with Tradeoff between Physical Machine Utilization Rate and Delay},
  author={Quan, Li and Wang, Zhiliang and Ren, Fuji},
  journal={Future Internet},
  volume={10},
  number={7},
  pages={60},
  year={2018},
  publisher={Multidisciplinary Digital Publishing Institute}
}


@ARTICLE{Kumar2010,
author={K. Yang and S. Ou and H. H. Chen},
journal={IEEE Communications Magazine},
title={On effective offloading services for resource-constrained mobile devices running heavier mobile Internet applications},
year={2008},
volume={46},
number={1},
pages={56-63},
keywords={Internet;mobile computing;mobile radio;mobile Internet applications;mobile handsets;offloading services;resource-constrained mobile devices;system architecture;ubiquitous infrastructure;wireless mobile network;Bandwidth;Character recognition;Costs;IP networks;Image recognition;Network servers;Optical character recognition software;Roads;Web and internet services;Wireless networks},
doi={10.1109/MCOM.2008.4427231},
ISSN={0163-6804},
month={January},}
